<record><leader>00000cas a22000007a 4500</leader><controlfield tag="001">13000461</controlfield><controlfield tag="008">860110d18841uuuutumr ne      0    0eng d</controlfield><datafield ind1=" " ind2=" " tag="010"><subfield code="a">sn 86091007 </subfield></datafield><datafield ind1=" " ind2=" " tag="040"><subfield code="a">UNP</subfield><subfield code="b">eng</subfield><subfield code="c">UNP</subfield><subfield code="d">OCLCQ</subfield><subfield code="d">UBY</subfield><subfield code="d">OCL</subfield><subfield code="d">OCLCQ</subfield><subfield code="d">OCLCF</subfield><subfield code="d">OCLCO</subfield></datafield><datafield ind1="1" ind2=" " tag="029"><subfield code="a">AU@</subfield><subfield code="b">000024919665</subfield></datafield><datafield ind1=" " ind2=" " tag="042"><subfield code="a">msc</subfield></datafield><datafield ind1=" " ind2=" " tag="043"><subfield code="a">n-us-ut</subfield></datafield><datafield ind1=" " ind2="4" tag="050"><subfield code="a">AN2.U8</subfield><subfield code="b">Z25</subfield></datafield><datafield ind1="0" ind2="0" tag="245"><subfield code="a">Z.C.M.I. advocate and commercial register.</subfield></datafield><datafield ind1="3" ind2="0" tag="246"><subfield code="a">ZCMI advocate and commercial register</subfield></datafield><datafield ind1="1" ind2="7" tag="246"><subfield code="a">Z.C.M.I. advocate</subfield></datafield><datafield ind1=" " ind2=" " tag="260"><subfield code="a">Salt Lake City, Utah :</subfield><subfield code="b">Zion's Co-operative Mercantile Institution,</subfield><subfield code="c">1884-</subfield></datafield><datafield ind1=" " ind2=" " tag="300"><subfield code="a">v. :</subfield><subfield code="b">ill. ;</subfield><subfield code="c">34 cm.</subfield></datafield><datafield ind1=" " ind2=" " tag="310"><subfield code="a">Monthly</subfield></datafield><datafield ind1="0" ind2=" " tag="362"><subfield code="a">Vol. 1, no. 1 (Nov. 15, 1884)-</subfield></datafield><datafield ind1=" " ind2=" " tag="500"><subfield code="a">"Devoted to local interests and home progress."</subfield></datafield><datafield ind1="2" ind2="0" tag="610"><subfield code="a">Zion's Co-operative Mercantile Institution.</subfield></datafield><datafield ind1=" " ind2="0" tag="650"><subfield code="a">Department stores</subfield><subfield code="z">Utah.</subfield></datafield><datafield ind1="2" ind2="7" tag="610"><subfield code="a">Zion's Co-operative Mercantile Institution.</subfield><subfield code="2">fast</subfield><subfield code="0">(OCoLC)fst00645082</subfield></datafield><datafield ind1=" " ind2="7" tag="650"><subfield code="a">Department stores.</subfield><subfield code="2">fast</subfield><subfield code="0">(OCoLC)fst00890783</subfield></datafield><datafield ind1=" " ind2="7" tag="651"><subfield code="a">Utah.</subfield><subfield code="2">fast</subfield><subfield code="0">(OCoLC)fst01204563</subfield></datafield><datafield ind1=" " ind2=" " tag="752"><subfield code="a">United States</subfield><subfield code="b">Utah</subfield><subfield code="c">Salt Lake</subfield><subfield code="d">Salt Lake City.</subfield></datafield></record>